% ===============================================
% backmatter/literatur.bib - Literaturverzeichnis
% ===============================================

@online{Quelle1,
  title     = {Quelle1},
  author    = {Max},
  year      = {n.d.},
  journal   = {Max-Journal},
  url       = {https://github.com/Kingler16/Diplomarbeit_Template_TGM},
  urldate   = {2025-09-09}
}

@online{Quelle2,
  title     = {Quelle2},
  author    = {Max},
  year      = {n.d.},
  journal   = {Max-Journal},
  url       = {https://github.com/Kingler16/Diplomarbeit_Template_TGM},
  urldate   = {2025-09-09}
}

